<?xml version="1.0" encoding="UTF-8"?><collection xmlns="http://www.loc.gov/MARC21/slim"><record><leader>00352nam--2200121-i-4500</leader><controlfield tag="001">000019371</controlfield><controlfield tag="002">20161230</controlfield><controlfield tag="005">20161230201033</controlfield><controlfield tag="008">060222s1000------------r-----000-0-eng-d</controlfield><datafield ind1=" " ind2=" " tag="100"><subfield code="a">Foster, Norman G., Hamming, Mynard C</subfield></datafield><datafield ind1=" " ind2=" " tag="245"><subfield code="a">Interpretation of mass spectra of organic compounds</subfield></datafield><datafield ind1=" " ind2=" " tag="260"><subfield code="a">New York, Academic Press, 1972. Xiv + 694 P</subfield></datafield><datafield ind1=" " ind2=" " tag="852"><subfield code="a">37657</subfield></datafield></record></collection>